<?xml version="1.0" encoding="UTF-8"?>
<collection xmlns="http://www.loc.gov/MARC21/slim">
  <record>
    <leader>00366cam a2200121 a 4500</leader>
    <controlfield tag="001">AUTH400570000000001</controlfield>
    <controlfield tag="005">20160128112119.0</controlfield>
    <controlfield tag="008">160128| ||| |                ||| |      </controlfield>
    <datafield tag="035" ind1="#" ind2="#">
      <subfield code="a">AUTH-00000040058</subfield>
    </datafield>
    <datafield tag="110" ind1="2" ind2="#">
      <subfield code="a">Perpustakaan Nasional</subfield>
    </datafield>
    <datafield tag="410" ind1="2" ind2="#">
      <subfield code="a">Perpustakaan Nasional Republik Indonesia</subfield>
    </datafield>
    <datafield tag="410" ind1="2" ind2="#">
      <subfield code="a">Perpustakaan Nasional RI</subfield>
    </datafield>
    <datafield tag="410" ind1="1" ind2="#">
      <subfield code="a">Indonesia.</subfield>
      <subfield code="b">Perpustakaan Nasional</subfield>
    </datafield>
  </record>