
  <record>
    <leader>00873cam a2200241 a 4500</leader>
    <controlfield tag="001">AUTHO000000000739569</controlfield>
    <controlfield tag="005">20101203131213.13</controlfield>
    <controlfield tag="008">031210|||||||||   |   |||   |||| ||   ||</controlfield>
    <datafield tag="035" ind1="#" ind2="#">
      <subfield code="a">0010-226310060</subfield>
    </datafield>
    <datafield tag="039" ind1="#" ind2="#">
      <subfield code="a">03-12-2010</subfield>
    </datafield>
    <datafield tag="150" ind1="#" ind2="#">
      <subfield code="a">Administrasi perpustakaan</subfield>
    </datafield>
    <datafield tag="360" ind1="#" ind2="#">
      <subfield code="i">Subdivisi "Administrasi" di bawah jenis perpustakaan, misal,</subfield>
      <subfield code="a">Perpustakaan anak -- Administrasi</subfield>
    </datafield>
    <datafield tag="450" ind1="#" ind2="#">
      <subfield code="a">Perpustakaan</subfield>
      <subfield code="x">Administrasi</subfield>
    </datafield>
    <datafield tag="450" ind1="#" ind2="#">
      <subfield code="a">Perpustakaan</subfield>
      <subfield code="x">Manajemen</subfield>
    </datafield>
    <datafield tag="450" ind1="#" ind2="#">
      <subfield code="a">Manajemen perpustakaan</subfield>
    </datafield>
    <datafield tag="550" ind1="#" ind2="#">
      <subfield code="w">g</subfield>
      <subfield code="a">Manajemen</subfield>
    </datafield>
    <datafield tag="550" ind1="#" ind2="#">
      <subfield code="w">h</subfield>
      <subfield code="a">Komunikasi dalam administrasi perpustakaan</subfield>
    </datafield>
    <datafield tag="550" ind1="#" ind2="#">
      <subfield code="w">h</subfield>
      <subfield code="a">Perpustakaan</subfield>
      <subfield code="x">Merger</subfield>
    </datafield>
    <datafield tag="550" ind1="#" ind2="#">
      <subfield code="w">h</subfield>
      <subfield code="a">Perpustakaan</subfield>
      <subfield code="x">Reorganisasi</subfield>
    </datafield>
    <datafield tag="550" ind1="#" ind2="#">
      <subfield code="w">h</subfield>
      <subfield code="a">Pertemuan perpustakaan</subfield>
    </datafield>
    <datafield tag="550" ind1="#" ind2="#">
      <subfield code="w">h</subfield>
      <subfield code="a">Perpustakaan</subfield>
      <subfield code="x">Pedoman staf</subfield>
    </datafield>
    <datafield tag="667" ind1="#" ind2="#">
      <subfield code="a">Dapat ditambahkan subdivisi geografis</subfield>
    </datafield>
    <datafield tag="900" ind1="#" ind2="#">
      <subfield code="a">00517ac##a2200012n##4500</subfield>
    </datafield>
  </record>