
  <record>
    <leader>00650cam a2200181 a 4500</leader>
    <controlfield tag="001">AUTHO000000000733498</controlfield>
    <controlfield tag="005">20090424140445.45</controlfield>
    <controlfield tag="008">240409n||||||||   |   |||   |||| ||   ||</controlfield>
    <datafield tag="035" ind1="#" ind2="#">
      <subfield code="a">0010-225917360</subfield>
    </datafield>
    <datafield tag="082" ind1="0" ind2="#">
      <subfield code="a">022.3 ; 727.8</subfield>
    </datafield>
    <datafield tag="150" ind1="#" ind2="#">
      <subfield code="a">Arsitektur perpustakaan</subfield>
    </datafield>
    <datafield tag="450" ind1="#" ind2="#">
      <subfield code="a">Bangunan perpustakaan</subfield>
    </datafield>
    <datafield tag="450" ind1="#" ind2="#">
      <subfield code="a">Perpustakaan, Arsitektur</subfield>
    </datafield>
    <datafield tag="550" ind1="#" ind2="#">
      <subfield code="w">h</subfield>
      <subfield code="a">Gedung perpustakaan</subfield>
    </datafield>
    <datafield tag="550" ind1="#" ind2="#">
      <subfield code="w">g</subfield>
      <subfield code="a">Arsitektur</subfield>
    </datafield>
    <datafield tag="667" ind1="#" ind2="#">
      <subfield code="a">[Gunakan subdivisi geografis]</subfield>
    </datafield>
    <datafield tag="670" ind1="#" ind2="#">
      <subfield code="a">LIbrary architecture 1800-1875 a comparison of theory and buildings with emphasis on new England college libraries / 1961</subfield>
      <subfield code="b">by John Jorg Boll</subfield>
    </datafield>
    <datafield tag="900" ind1="#" ind2="#">
      <subfield code="a">00375ac##a2200012n##4500</subfield>
    </datafield>
  </record>