
  <record>
    <leader>00813cam a2200241 a 4500</leader>
    <controlfield tag="001">AUTHO000000000739364</controlfield>
    <controlfield tag="005">20101021091031.31</controlfield>
    <controlfield tag="008">211010|||||||||   |   |||   |||| ||   ||</controlfield>
    <datafield tag="035" ind1="#" ind2="#">
      <subfield code="a">0010-226290360</subfield>
    </datafield>
    <datafield tag="039" ind1="#" ind2="#">
      <subfield code="a">21-10-2010</subfield>
    </datafield>
    <datafield tag="150" ind1="#" ind2="#">
      <subfield code="a">Bahan perpustakaan</subfield>
    </datafield>
    <datafield tag="360" ind1="#" ind2="#">
      <subfield code="a">Lihat juga tajuk "Perpustakaan -- Koleksi khusus" dapat dibagi lebih lanjut berdasarkan topik misal, "Perpustakaan -- Koleksi khusus -- Pita video</subfield>
    </datafield>
    <datafield tag="450" ind1="#" ind2="#">
      <subfield code="a">Bahan pustaka</subfield>
    </datafield>
    <datafield tag="450" ind1="#" ind2="#">
      <subfield code="a">Materi perpustakaan</subfield>
    </datafield>
    <datafield tag="550" ind1="#" ind2="#">
      <subfield code="w">h</subfield>
      <subfield code="a">Buku</subfield>
    </datafield>
    <datafield tag="550" ind1="#" ind2="#">
      <subfield code="w">h</subfield>
      <subfield code="a">Berkas vertikal</subfield>
    </datafield>
    <datafield tag="550" ind1="#" ind2="#">
      <subfield code="w">h</subfield>
      <subfield code="a">Kliping (Buku, Surat kabar, dsb.)</subfield>
    </datafield>
    <datafield tag="550" ind1="#" ind2="#">
      <subfield code="w">h</subfield>
      <subfield code="a">Terbitan pemerintah</subfield>
    </datafield>
    <datafield tag="550" ind1="#" ind2="#">
      <subfield code="w">h</subfield>
      <subfield code="a">Bahan sejarah</subfield>
    </datafield>
    <datafield tag="550" ind1="#" ind2="#">
      <subfield code="w">h</subfield>
      <subfield code="a">Bahan nonbuku</subfield>
    </datafield>
    <datafield tag="550" ind1="#" ind2="#">
      <subfield code="w">h</subfield>
      <subfield code="a">Seri (Terbitan)</subfield>
    </datafield>
    <datafield tag="550" ind1="#" ind2="#">
      <subfield code="w">h</subfield>
      <subfield code="a">Majalah</subfield>
    </datafield>
    <datafield tag="900" ind1="#" ind2="#">
      <subfield code="a">00502ac##a2200012n##4500</subfield>
    </datafield>
  </record>