
  <record>
    <leader>00320cam a2200121 a 4500</leader>
    <controlfield tag="001">AUTHO000000000721892</controlfield>
    <controlfield tag="005">20080222080255.55</controlfield>
    <controlfield tag="008">220208|||||||||   |   |||   |||| ||   ||</controlfield>
    <datafield tag="035" ind1="#" ind2="#">
      <subfield code="a">0010-224792260</subfield>
    </datafield>
    <datafield tag="082" ind1="0" ind2="#">
      <subfield code="a">727.8</subfield>
    </datafield>
    <datafield tag="150" ind1="#" ind2="#">
      <subfield code="a">Gedung perpustakaan</subfield>
    </datafield>
    <datafield tag="550" ind1="#" ind2="#">
      <subfield code="w">g</subfield>
      <subfield code="a">Arsitektur perpustakaan</subfield>
    </datafield>
    <datafield tag="900" ind1="#" ind2="#">
      <subfield code="a">00080ac##a2200012n##4500</subfield>
    </datafield>
  </record>