
  <record>
    <leader>00430cam a2200145 a 4500</leader>
    <controlfield tag="001">AUTHO000000000722917</controlfield>
    <controlfield tag="005">20080319160336.36</controlfield>
    <controlfield tag="008">190308|||||||||   |   |||   |||| ||   ||</controlfield>
    <datafield tag="035" ind1="#" ind2="#">
      <subfield code="a">0010-224893760</subfield>
    </datafield>
    <datafield tag="082" ind1="0" ind2="#">
      <subfield code="a">025.5</subfield>
    </datafield>
    <datafield tag="150" ind1="#" ind2="#">
      <subfield code="a">Hubungan masyarakat</subfield>
      <subfield code="x">Perpustakaan</subfield>
    </datafield>
    <datafield tag="450" ind1="#" ind2="#">
      <subfield code="a">Perpustakaan</subfield>
      <subfield code="x">Hubungan masyarakat</subfield>
    </datafield>
    <datafield tag="550" ind1="#" ind2="#">
      <subfield code="a">Perpustakaan dan masyarakat</subfield>
    </datafield>
    <datafield tag="550" ind1="#" ind2="#">
      <subfield code="w">g</subfield>
      <subfield code="a">Hubungan masyarakat</subfield>
    </datafield>
    <datafield tag="900" ind1="#" ind2="#">
      <subfield code="a">00172ac##a2200012n##4500</subfield>
    </datafield>
  </record>