
  <record>
    <leader>00422cam a2200145 a 4500</leader>
    <controlfield tag="001">AUTHO000000000721628</controlfield>
    <controlfield tag="005">20080213130239.39</controlfield>
    <controlfield tag="008">130208d||||||||   |   |||   |||| ||   ||</controlfield>
    <datafield tag="035" ind1="#" ind2="#">
      <subfield code="a">0010-224766260</subfield>
    </datafield>
    <datafield tag="082" ind1="0" ind2="#">
      <subfield code="a">021.6</subfield>
    </datafield>
    <datafield tag="150" ind1="#" ind2="#">
      <subfield code="a">Jaringan informasi perpustakaan</subfield>
    </datafield>
    <datafield tag="450" ind1="#" ind2="#">
      <subfield code="a">Perpustakaan, Jaringan informasi</subfield>
    </datafield>
    <datafield tag="550" ind1="#" ind2="#">
      <subfield code="w">g</subfield>
      <subfield code="a">Perpustakaan, Jaringan</subfield>
    </datafield>
    <datafield tag="550" ind1="#" ind2="#">
      <subfield code="w">g</subfield>
      <subfield code="a">Jaringan informasi</subfield>
    </datafield>
    <datafield tag="900" ind1="#" ind2="#">
      <subfield code="a">00164ac##a2200012n##4500</subfield>
    </datafield>
  </record>