
  <record>
    <leader>00877cam a2200229 a 4500</leader>
    <controlfield tag="001">AUTHO000000000739376</controlfield>
    <controlfield tag="005">20101021101050.50</controlfield>
    <controlfield tag="008">211010|||||||||   |   |||   |||| ||   ||</controlfield>
    <datafield tag="035" ind1="#" ind2="#">
      <subfield code="a">0010-226291560</subfield>
    </datafield>
    <datafield tag="039" ind1="#" ind2="#">
      <subfield code="a">21-10-2010</subfield>
    </datafield>
    <datafield tag="150" ind1="#" ind2="#">
      <subfield code="a">Kajian penggunaan perpustakaan</subfield>
    </datafield>
    <datafield tag="450" ind1="#" ind2="#">
      <subfield code="a">Perpustakaan</subfield>
      <subfield code="x">Kajian penggunaan</subfield>
    </datafield>
    <datafield tag="550" ind1="#" ind2="#">
      <subfield code="w">h</subfield>
      <subfield code="a">Perpustakaan digital</subfield>
      <subfield code="x">Kajian penggunaan</subfield>
    </datafield>
    <datafield tag="550" ind1="#" ind2="#">
      <subfield code="w">h</subfield>
      <subfield code="a">Kartu katalog</subfield>
      <subfield code="x">Kajian penggunaan</subfield>
    </datafield>
    <datafield tag="550" ind1="#" ind2="#">
      <subfield code="w">g</subfield>
      <subfield code="a">Layanan informasi</subfield>
      <subfield code="x">Kajian penggunaan</subfield>
    </datafield>
    <datafield tag="550" ind1="#" ind2="#">
      <subfield code="w">g</subfield>
      <subfield code="a">Statistika perpustakaan</subfield>
    </datafield>
    <datafield tag="550" ind1="#" ind2="#">
      <subfield code="w">h</subfield>
      <subfield code="a">Katalog perpustakaan</subfield>
      <subfield code="x">Kajian penggunaan</subfield>
    </datafield>
    <datafield tag="550" ind1="#" ind2="#">
      <subfield code="w">h</subfield>
      <subfield code="a">Perpustakaan nasional</subfield>
      <subfield code="x">Kajian penggunaan</subfield>
    </datafield>
    <datafield tag="550" ind1="#" ind2="#">
      <subfield code="w">h</subfield>
      <subfield code="a">Penelitian perpustakaan</subfield>
      <subfield code="x">Kajian penggunaan</subfield>
    </datafield>
    <datafield tag="550" ind1="#" ind2="#">
      <subfield code="w">h</subfield>
      <subfield code="a">Perpustakaan</subfield>
      <subfield code="x">Analisis sirkulasi</subfield>
    </datafield>
    <datafield tag="680" ind1="#" ind2="#">
      <subfield code="i">Dapat ditambahkan subdivisi geografis</subfield>
    </datafield>
    <datafield tag="900" ind1="#" ind2="#">
      <subfield code="a">00532ac##a2200012n##4500</subfield>
    </datafield>
  </record>