
  <record>
    <leader>01164cam a2200361 a 4500</leader>
    <controlfield tag="001">AUTHO000000000723467</controlfield>
    <controlfield tag="005">20080417100444.44</controlfield>
    <controlfield tag="008">170408|||||||||   |   |||   |||| ||   ||</controlfield>
    <datafield tag="035" ind1="#" ind2="#">
      <subfield code="a">0010-224946660</subfield>
    </datafield>
    <datafield tag="039" ind1="#" ind2="#">
      <subfield code="a">21-10-2010</subfield>
    </datafield>
    <datafield tag="082" ind1="0" ind2="#">
      <subfield code="a">017.019</subfield>
    </datafield>
    <datafield tag="150" ind1="#" ind2="#">
      <subfield code="a">Katalog perpustakaan</subfield>
    </datafield>
    <datafield tag="360" ind1="#" ind2="#">
      <subfield code="i">Tajuk untuk jenis dan bentuk katalog tertentu, misal. Katalog bentuk buku ; Katalog bentuk kartu ; Katalog subjek</subfield>
    </datafield>
    <datafield tag="450" ind1="#" ind2="#">
      <subfield code="a">Perpustakaan</subfield>
      <subfield code="x">Katalog</subfield>
    </datafield>
    <datafield tag="450" ind1="#" ind2="#">
      <subfield code="a">Alat temu kembali</subfield>
    </datafield>
    <datafield tag="550" ind1="#" ind2="#">
      <subfield code="w">h</subfield>
      <subfield code="a">Katalog terpasang</subfield>
    </datafield>
    <datafield tag="550" ind1="#" ind2="#">
      <subfield code="a">Klasifikasi buku</subfield>
    </datafield>
    <datafield tag="550" ind1="#" ind2="#">
      <subfield code="a">Pengolahan buku (perpustakaan)</subfield>
    </datafield>
    <datafield tag="550" ind1="#" ind2="#">
      <subfield code="w">h</subfield>
      <subfield code="a">Katalog buku</subfield>
    </datafield>
    <datafield tag="550" ind1="#" ind2="#">
      <subfield code="a">Katalogisasi</subfield>
    </datafield>
    <datafield tag="550" ind1="#" ind2="#">
      <subfield code="w">h</subfield>
      <subfield code="a">Katalog pengarang</subfield>
    </datafield>
    <datafield tag="550" ind1="#" ind2="#">
      <subfield code="w">h</subfield>
      <subfield code="a">Katalog kartu</subfield>
    </datafield>
    <datafield tag="550" ind1="#" ind2="#">
      <subfield code="w">h</subfield>
      <subfield code="a">Katalog subjek</subfield>
    </datafield>
    <datafield tag="550" ind1="#" ind2="#">
      <subfield code="w">h</subfield>
      <subfield code="a">Katalog berkas</subfield>
    </datafield>
    <datafield tag="550" ind1="#" ind2="#">
      <subfield code="w">h</subfield>
      <subfield code="a">Katalog terbagi</subfield>
    </datafield>
    <datafield tag="550" ind1="#" ind2="#">
      <subfield code="w">h</subfield>
      <subfield code="a">Katalog kamus</subfield>
    </datafield>
    <datafield tag="550" ind1="#" ind2="#">
      <subfield code="a">Buku</subfield>
      <subfield code="x">Klasifikasi</subfield>
    </datafield>
    <datafield tag="550" ind1="#" ind2="#">
      <subfield code="w">g</subfield>
      <subfield code="a">Terbitan perpustakaan</subfield>
    </datafield>
    <datafield tag="550" ind1="#" ind2="#">
      <subfield code="w">g</subfield>
      <subfield code="a">Katalog</subfield>
    </datafield>
    <datafield tag="550" ind1="#" ind2="#">
      <subfield code="w">h</subfield>
      <subfield code="a">Katalog berkelas</subfield>
    </datafield>
    <datafield tag="550" ind1="#" ind2="#">
      <subfield code="w">h</subfield>
      <subfield code="a">Katalog induk</subfield>
    </datafield>
    <datafield tag="680" ind1="#" ind2="#">
      <subfield code="i">Dapat ditambahkan subdivisi geografis</subfield>
    </datafield>
    <datafield tag="900" ind1="#" ind2="#">
      <subfield code="a">00714ac##a2200012n##4500</subfield>
    </datafield>
  </record>