
  <record>
    <leader>00426cam a2200145 a 4500</leader>
    <controlfield tag="001">AUTHO000000000733073</controlfield>
    <controlfield tag="005">20090320140312.12</controlfield>
    <controlfield tag="008">200309|||||||||   |   |||   |||| ||   ||</controlfield>
    <datafield tag="035" ind1="#" ind2="#">
      <subfield code="a">0010-225875160</subfield>
    </datafield>
    <datafield tag="082" ind1="0" ind2="#">
      <subfield code="a">021.6 ; 025.62</subfield>
    </datafield>
    <datafield tag="150" ind1="#" ind2="#">
      <subfield code="a">Kerjasama antarperpustakaan</subfield>
    </datafield>
    <datafield tag="450" ind1="#" ind2="#">
      <subfield code="a">Perpustakaan</subfield>
      <subfield code="x">kerjasama</subfield>
    </datafield>
    <datafield tag="550" ind1="#" ind2="#">
      <subfield code="w">g</subfield>
      <subfield code="a">Perpustakaan</subfield>
      <subfield code="x">Administrasi umum</subfield>
    </datafield>
    <datafield tag="550" ind1="#" ind2="#">
      <subfield code="w">h</subfield>
      <subfield code="a">Katalog induk</subfield>
    </datafield>
    <datafield tag="900" ind1="#" ind2="#">
      <subfield code="a">00168ac##a2200012n##4500</subfield>
    </datafield>
  </record>