
  <record>
    <leader>00405cam a2200133 a 4500</leader>
    <controlfield tag="001">AUTHO000000000739593</controlfield>
    <controlfield tag="005">20101215211257.57</controlfield>
    <controlfield tag="008">151210|||||||||   |   |||   |||| ||   ||</controlfield>
    <datafield tag="035" ind1="#" ind2="#">
      <subfield code="a">0010-226312460</subfield>
    </datafield>
    <datafield tag="039" ind1="#" ind2="#">
      <subfield code="a">15-12-2010</subfield>
    </datafield>
    <datafield tag="150" ind1="#" ind2="#">
      <subfield code="a">Komunikasi dalam administrasi perpustakaan</subfield>
    </datafield>
    <datafield tag="550" ind1="#" ind2="#">
      <subfield code="w">g</subfield>
      <subfield code="a">Administrasi perpustakaan</subfield>
    </datafield>
    <datafield tag="667" ind1="#" ind2="#">
      <subfield code="a">Dapat ditambahkan subdivisi geografis</subfield>
    </datafield>
    <datafield tag="900" ind1="#" ind2="#">
      <subfield code="a">00148ac##a2200012n##4500</subfield>
    </datafield>
  </record>