
  <record>
    <leader>00351cam a2200121 a 4500</leader>
    <controlfield tag="001">AUTHO000000000734245</controlfield>
    <controlfield tag="005">20090520090512.12</controlfield>
    <controlfield tag="008">200509|||||||||   |   |||   |||| ||   ||</controlfield>
    <datafield tag="035" ind1="#" ind2="#">
      <subfield code="a">0010-225991360</subfield>
    </datafield>
    <datafield tag="082" ind1="0" ind2="#">
      <subfield code="a">025.524</subfield>
    </datafield>
    <datafield tag="150" ind1="#" ind2="#">
      <subfield code="a">Otomasi dalam perpustakaan</subfield>
    </datafield>
    <datafield tag="550" ind1="#" ind2="#">
      <subfield code="w">g</subfield>
      <subfield code="a">Sisten penyimpanan dan temu kembali informasi</subfield>
    </datafield>
    <datafield tag="900" ind1="#" ind2="#">
      <subfield code="a">00111ac##a2200012n##4500</subfield>
    </datafield>
  </record>