
  <record>
    <leader>00622cam a2200181 a 4500</leader>
    <controlfield tag="001">AUTHO000000000731106</controlfield>
    <controlfield tag="005">20081202131210.10</controlfield>
    <controlfield tag="008">021208n||||||||   |   |||   |||| ||   ||</controlfield>
    <datafield tag="035" ind1="#" ind2="#">
      <subfield code="a">0010-225685060</subfield>
    </datafield>
    <datafield tag="082" ind1="0" ind2="#">
      <subfield code="a">020.7</subfield>
    </datafield>
    <datafield tag="150" ind1="#" ind2="4">
      <subfield code="a">Pendidikan perpustakaan</subfield>
    </datafield>
    <datafield tag="450" ind1="#" ind2="#">
      <subfield code="a">Perpustakaan, Pendidikan</subfield>
    </datafield>
    <datafield tag="550" ind1="#" ind2="#">
      <subfield code="w">g</subfield>
      <subfield code="a">Pendidikan profesional</subfield>
    </datafield>
    <datafield tag="550" ind1="#" ind2="#">
      <subfield code="a">Pustakawan</subfield>
      <subfield code="x">Penataran</subfield>
    </datafield>
    <datafield tag="550" ind1="#" ind2="#">
      <subfield code="a">Sekolah perpustakaan</subfield>
    </datafield>
    <datafield tag="667" ind1="#" ind2="#">
      <subfield code="a">[Gunakan subdivisi geografis]</subfield>
    </datafield>
    <datafield tag="670" ind1="#" ind2="#">
      <subfield code="a">Annual report 1985-1986 : b The Polytechnic of North London, School of Librarianship and Information Studies 1986</subfield>
    </datafield>
    <datafield tag="900" ind1="#" ind2="#">
      <subfield code="a">00154ac##a2200012n##4500</subfield>
    </datafield>
  </record>