
  <record>
    <leader>00570cam a2200145 a 4500</leader>
    <controlfield tag="001">AUTHO000000000731107</controlfield>
    <controlfield tag="005">20081202131216.16</controlfield>
    <controlfield tag="008">021208n||||||||   |   |||   |||| ||   ||</controlfield>
    <datafield tag="035" ind1="#" ind2="#">
      <subfield code="a">0010-225685160</subfield>
    </datafield>
    <datafield tag="082" ind1="0" ind2="#">
      <subfield code="a">020.7 ; 375</subfield>
    </datafield>
    <datafield tag="150" ind1="#" ind2="4">
      <subfield code="a">Pendidikan perpustakaan</subfield>
      <subfield code="x">Kurikulum</subfield>
    </datafield>
    <datafield tag="450" ind1="#" ind2="#">
      <subfield code="a">Kurikulum, Perpustakaan</subfield>
    </datafield>
    <datafield tag="550" ind1="#" ind2="#">
      <subfield code="w">g</subfield>
      <subfield code="a">Pendidikan</subfield>
      <subfield code="x">Kurikulum</subfield>
    </datafield>
    <datafield tag="670" ind1="#" ind2="#">
      <subfield code="a">Hasil lokakarya pengembangan kurikulum pendidikan dan pelatihan perpustakaan di Indonesia 9-11 Agustus 1994 / 1994</subfield>
      <subfield code="b">editor H. Hendrarta Kusbandarrumsamsi ... [et al.]</subfield>
    </datafield>
    <datafield tag="900" ind1="#" ind2="#">
      <subfield code="a">00222ac##a2200012n##4500</subfield>
    </datafield>
  </record>