
  <record>
    <leader>00523cam a2200169 a 4500</leader>
    <controlfield tag="001">AUTHO000000000739373</controlfield>
    <controlfield tag="005">20101021101056.56</controlfield>
    <controlfield tag="008">211010|||||||||   |   |||   |||| ||   ||</controlfield>
    <datafield tag="035" ind1="#" ind2="#">
      <subfield code="a">0010-226291260</subfield>
    </datafield>
    <datafield tag="039" ind1="#" ind2="#">
      <subfield code="a">21-10-2010</subfield>
    </datafield>
    <datafield tag="150" ind1="#" ind2="#">
      <subfield code="a">Penelitian perpustakaan</subfield>
    </datafield>
    <datafield tag="450" ind1="#" ind2="#">
      <subfield code="a">Ketrampilan perpustakaan</subfield>
    </datafield>
    <datafield tag="450" ind1="#" ind2="#">
      <subfield code="a">Penelitian perpustakaan</subfield>
      <subfield code="x">Metodologi</subfield>
    </datafield>
    <datafield tag="550" ind1="#" ind2="#">
      <subfield code="w">g</subfield>
      <subfield code="a">Temu kembali informasi</subfield>
    </datafield>
    <datafield tag="550" ind1="#" ind2="#">
      <subfield code="a">Bibliografi</subfield>
      <subfield code="x">Metodologi</subfield>
    </datafield>
    <datafield tag="667" ind1="#" ind2="#">
      <subfield code="a">Dapat ditambahkan subdivisi geografis</subfield>
    </datafield>
    <datafield tag="900" ind1="#" ind2="#">
      <subfield code="a">00233ac##a2200012n##4500</subfield>
    </datafield>
  </record>