
  <record>
    <leader>00672cam a2200205 a 4500</leader>
    <controlfield tag="001">AUTHO000000000731770</controlfield>
    <controlfield tag="005">20081218101209.09</controlfield>
    <controlfield tag="008">181208d||||||||aaa|   |||   |||| ||   ||</controlfield>
    <datafield tag="035" ind1="#" ind2="#">
      <subfield code="a">0010-225749660</subfield>
    </datafield>
    <datafield tag="082" ind1="0" ind2="#">
      <subfield code="a">025.2</subfield>
    </datafield>
    <datafield tag="150" ind1="#" ind2="#">
      <subfield code="a">Pengembangan koleksi (Perpustakaan)</subfield>
    </datafield>
    <datafield tag="450" ind1="#" ind2="#">
      <subfield code="a">Akuisisi (Perpustakaan)</subfield>
    </datafield>
    <datafield tag="450" ind1="#" ind2="#">
      <subfield code="a">Koleksi perpustakaan</subfield>
      <subfield code="x">Pengembangan</subfield>
    </datafield>
    <datafield tag="450" ind1="#" ind2="#">
      <subfield code="a">Pengadaan (Perpustakaan)</subfield>
    </datafield>
    <datafield tag="450" ind1="#" ind2="#">
      <subfield code="a">Perpustakaan</subfield>
      <subfield code="x">Bagian pemasaran</subfield>
    </datafield>
    <datafield tag="550" ind1="#" ind2="#">
      <subfield code="w">g</subfield>
      <subfield code="a">Perpustakaan</subfield>
      <subfield code="x">Administrasi umum</subfield>
    </datafield>
    <datafield tag="550" ind1="#" ind2="#">
      <subfield code="w">h</subfield>
      <subfield code="a">Penyiangan koleksi (Perpustakaan)</subfield>
    </datafield>
    <datafield tag="550" ind1="#" ind2="#">
      <subfield code="a">Buku</subfield>
      <subfield code="x">Pemilihan</subfield>
    </datafield>
    <datafield tag="550" ind1="#" ind2="#">
      <subfield code="a">Pengolahan buku (Perpustakaan)</subfield>
    </datafield>
    <datafield tag="900" ind1="#" ind2="#">
      <subfield code="a">00369ac##a2200012n##4500</subfield>
    </datafield>
  </record>