
  <record>
    <leader>00396cam a2200145 a 4500</leader>
    <controlfield tag="001">AUTHO000000000732767</controlfield>
    <controlfield tag="005">20090305110343.43</controlfield>
    <controlfield tag="008">050309|||||||||   |   |||   |||| ||   ||</controlfield>
    <datafield tag="035" ind1="#" ind2="#">
      <subfield code="a">0010-225845560</subfield>
    </datafield>
    <datafield tag="082" ind1="0" ind2="#">
      <subfield code="a">025.32</subfield>
    </datafield>
    <datafield tag="150" ind1="#" ind2="#">
      <subfield code="a">Pengolahan buku (Perpustakaan)</subfield>
    </datafield>
    <datafield tag="550" ind1="#" ind2="#">
      <subfield code="w">g</subfield>
      <subfield code="a">Katalogisasi</subfield>
    </datafield>
    <datafield tag="550" ind1="#" ind2="#">
      <subfield code="a">Buku</subfield>
      <subfield code="x">Klasifikasi</subfield>
    </datafield>
    <datafield tag="550" ind1="#" ind2="#">
      <subfield code="a">Katalog perpustakaan</subfield>
    </datafield>
    <datafield tag="900" ind1="#" ind2="#">
      <subfield code="a">00138ac##a2200012n##4500</subfield>
    </datafield>
  </record>