
  <record>
    <leader>00769cam a2200241 a 4500</leader>
    <controlfield tag="001">AUTHO000000000731851</controlfield>
    <controlfield tag="005">20081219121217.17</controlfield>
    <controlfield tag="008">191208d||||||||aaa|   |||   |||| ||   ||</controlfield>
    <datafield tag="035" ind1="#" ind2="#">
      <subfield code="a">0010-225757160</subfield>
    </datafield>
    <datafield tag="082" ind1="0" ind2="#">
      <subfield code="a">025</subfield>
    </datafield>
    <datafield tag="150" ind1="#" ind2="#">
      <subfield code="a">Pengolahan teknis (Perpustakaan)</subfield>
    </datafield>
    <datafield tag="450" ind1="#" ind2="#">
      <subfield code="a">Perpustakaan</subfield>
      <subfield code="x">Pelayanan teknis</subfield>
    </datafield>
    <datafield tag="450" ind1="#" ind2="#">
      <subfield code="a">Pusat pengolahan (Perpustakaan)</subfield>
    </datafield>
    <datafield tag="450" ind1="#" ind2="#">
      <subfield code="a">Pengolahan (Perpustakaan)</subfield>
    </datafield>
    <datafield tag="450" ind1="#" ind2="#">
      <subfield code="a">Pelayanan teknis (Perpustakaan)</subfield>
    </datafield>
    <datafield tag="550" ind1="#" ind2="#">
      <subfield code="a">Pengadaan (Perpustakaan)</subfield>
    </datafield>
    <datafield tag="550" ind1="#" ind2="#">
      <subfield code="w">g</subfield>
      <subfield code="a">Perpustakaan</subfield>
      <subfield code="x">Administrasi umum</subfield>
    </datafield>
    <datafield tag="550" ind1="#" ind2="#">
      <subfield code="w">g</subfield>
      <subfield code="a">Perpustakaan, Ilmu</subfield>
    </datafield>
    <datafield tag="550" ind1="#" ind2="#">
      <subfield code="w">h</subfield>
      <subfield code="a">Katalogisasi</subfield>
    </datafield>
    <datafield tag="550" ind1="#" ind2="#">
      <subfield code="w">h</subfield>
      <subfield code="a">Buku</subfield>
      <subfield code="x">Klasifikasi</subfield>
    </datafield>
    <datafield tag="550" ind1="#" ind2="#">
      <subfield code="a">Tajuk subyek</subfield>
    </datafield>
    <datafield tag="667" ind1="#" ind2="#">
      <subfield code="a">[Gunakan subdivisi geografis]</subfield>
    </datafield>
    <datafield tag="900" ind1="#" ind2="#">
      <subfield code="a">00439ac##a2200012n##4500</subfield>
    </datafield>
  </record>
</collection>
